<?xml version="1.0" encoding="UTF-8"?><collection><record><leader>06843ntm a2200625 a 4500</leader><controlfield tag="001">006803430</controlfield><controlfield tag="003">MiAaHDL</controlfield><controlfield tag="005">20190719000000.0</controlfield><controlfield tag="006">m        d        </controlfield><controlfield tag="007">cr bn ---auaua</controlfield><controlfield tag="008">090527s1551    tu            00| ||ara d</controlfield><datafield tag="035" ind1=" " ind2=" "><subfield code="a">(MiU)006803430</subfield></datafield><datafield tag="035" ind1=" " ind2=" "><subfield code="a">sdr-miu006803430</subfield></datafield><datafield tag="040" ind1=" " ind2=" "><subfield code="a">MiU</subfield><subfield code="c">MiU</subfield><subfield code="e">amremm</subfield></datafield><datafield tag="043" ind1=" " ind2=" "><subfield code="a">n-us-mi</subfield></datafield><datafield tag="100" ind1="1" ind2=" "><subfield code="6">880-01</subfield><subfield code="a">Maḥbūbī, ʻUbayd Allāh ibn Masʻūd,</subfield><subfield code="d">-1346 or 1347.</subfield></datafield><datafield tag="240" ind1="1" ind2="0"><subfield code="6">880-02</subfield><subfield code="a">Sharḥ al-Wiqāyah</subfield></datafield><datafield tag="245" ind1="1" ind2="0"><subfield code="6">880-03</subfield><subfield code="a">Ḥall al-mawāḍiʻ al-mughlaqah min Wiqāyat al-riwāyah fī masāʼil al-Hidāyah,</subfield><subfield code="f">[958, i.e. 1551].</subfield></datafield><datafield tag="246" ind1="3" ind2=" "><subfield code="6">880-04</subfield><subfield code="i">Title from inscription on front flyleaf (p.1):</subfield><subfield code="a">Sharḥ al-Wiqāyah</subfield></datafield><datafield tag="260" ind1=" " ind2=" "><subfield code="a">[Edirne,</subfield><subfield code="c">1551].</subfield></datafield><datafield tag="300" ind1=" " ind2=" "><subfield code="a">278 leaves :</subfield><subfield code="b">paper ;</subfield><subfield code="c">270 x 180 (175 x 115) mm.</subfield></datafield><datafield tag="500" ind1=" " ind2=" "><subfield code="a">Shelfmark: Ann Arbor, University of Michigan, Special Collections Library, Isl. Ms. 557</subfield></datafield><datafield tag="500" ind1=" " ind2=" "><subfield code="a">Origin: As appears in colophon on p.562, copied by Aḥmad ibn Khiḍr (Ahmet bin Hızır [Hazır]) with transcription completed 6 Rabīʻ I 958 [ca. 14 March 1551] in Edirne.</subfield></datafield><datafield tag="500" ind1=" " ind2=" "><subfield code="a">Accompanying materials: a. Three inventory cataloguing slips in hand of Winifred Smeaton Thomas -- b. Acquisitions slip from Yahuda. -- c. Insert carrying glosses (paginated pp.91-92).</subfield></datafield><datafield tag="500" ind1=" " ind2=" "><subfield code="a">Former shelfmark: From inner front cover "IL 223" (likely supplied by Yahuda, see acquisitions slip).</subfield></datafield><datafield tag="500" ind1=" " ind2=" "><subfield code="a">Binding: Pasteboards covered in dark red leather ; Type II binding (with flap, now lost) ; board linings in comb marbled paper (salmon, orange, red, blue) ; upper and lower covers carry blind-stamped scalloped mandorla filled with vegetal composition with bird at center ; sewn in dull yellow thread, two stations ; overall in quite poor condition with flap missing, significant losses to upper outer corner of upper board (and opening quires), lifting and losses of leather, staining, abrasion, pest damage, etc. ; housed in box for protection.</subfield></datafield><datafield tag="500" ind1=" " ind2=" "><subfield code="a">Support: non-European (likely Arab) laid paper with 8 laid lines per cm. (horizontal) and chain lines (vertical) grouped in threes with 12-15 mm. between chains and 38-42 between groups ; quite sturdy and well-burnished, dark cream in color ; much staining ; losses of upper outer corners of opening quires (through p.142).</subfield></datafield><datafield tag="500" ind1=" " ind2=" "><subfield code="a">Decoration: Section headings, keywords and abbreviation symbols rubricated ; a few textual dividers in the form of inverted commas.</subfield></datafield><datafield tag="500" ind1=" " ind2=" "><subfield code="a">Script: Naskh ; fine Turkish hand in a medium line ; virtually serifless with slight effect of tilt to the left, curvilinear descenders, pointing in strokes rather than distinct dots, kāf mashqūqah preferred (even final kāf) with often sweeping shaqq, point of final nūn assimilated with bowl.</subfield></datafield><datafield tag="500" ind1=" " ind2=" "><subfield code="a">Layout: Written in 19 lines per page ; frame-ruled.</subfield></datafield><datafield tag="500" ind1=" " ind2=" "><subfield code="a">Collation: i, 27 V(270), IV (278), i ; almost exclusively quinions ; catchwords present ; foliation in black ink, Hindu-Arabic numerals (not visible in opening quires due to damage) ; pagination in pencil, Western numerals, supplied during digitization (includes flyleaves and insert and mistakenly skips ahead ten pages, following p.455 with p.466).</subfield></datafield><datafield tag="500" ind1=" " ind2=" "><subfield code="a">Colophon: "Scribal," rectangular, reads "تم الكتاب بعون الوهاب على يد اضعف العباد احمد بن خضر غفر الله لهم ولجميع المؤمنين والمؤمنات والمسلمين والمسلمات الاحياء منهم والاموات قد فرغ من تحرير هذه النسخة الشريفة بمحروسة ادرنه المحمية صانها الله عن الافات والبلية يوم الجمعة سادس ربيع الاول من سنة ثمانية وخمسين وتسعمائة من الهجرة النبوية"</subfield></datafield><datafield tag="500" ind1=" " ind2=" "><subfield code="a">Explicit: "ومع ذلك يباح التناول اعتمادا على الغالب"</subfield></datafield><datafield tag="500" ind1=" " ind2=" "><subfield code="a">Incipit: "الحمد لله رب العالمين والصلوة والسلام على خير خلقه محمد واله اجمعين يقول العبد العبد المتوسل الى الله تعالى باقوى الذريعة عبيد الله بن مسعود بن تاج الشريعة ... هذا حل المواضع المقلقة من وقاية الرواية في مسائل الهداية اللتي الفها جدي ..."</subfield></datafield><datafield tag="500" ind1=" " ind2=" "><subfield code="a">Title from opening on p.4.</subfield></datafield><datafield tag="500" ind1=" " ind2=" "><subfield code="a">Ms. codex.</subfield></datafield><datafield tag="510" ind1="4" ind2=" "><subfield code="a">Ḥājjī Khalīfah. Kashf al-ẓunūn,</subfield><subfield code="c">vi 460, no.14308.</subfield></datafield><datafield tag="510" ind1="4" ind2=" "><subfield code="a">Brockelmann, C. GAL,</subfield><subfield code="c">I 376 ; II 214</subfield></datafield><datafield tag="520" ind1="8" ind2=" "><subfield code="a">Well-annoted copy of the commentary by Ṣadr al-Sharīʻah al-Aṣghar (al-Thānī) ʻUbayd Allāh ibn Masʻūd al-Maḥbūbī on Wiqāyat al-riwāyah fī masāʼil al-Hidāyah, a work on fiqh by the author’s grandfather, Maḥmūd ibn Ṣadr al-Sharīʻah al-Maḥbūbī (d. 1274 or 5), itself an epitome on the celebrated work of Ḥanafī fiqh, al-Hidāyah by ʻAlī ibn Abī Bakr al-Marghīnānī (d. 1196 or 7).</subfield></datafield><datafield tag="538" ind1=" " ind2=" "><subfield code="a">Mode of access: Internet.</subfield></datafield><datafield tag="541" ind1=" " ind2=" "><subfield code="a">Acquired in 1926 from the bookseller Isaac Benjamin S.E. Yahuda via purchase transacted on his behalf by Abraham Shalom Yahuda (1877-1951), his younger brother.</subfield></datafield><datafield tag="546" ind1=" " ind2=" "><subfield code="a">Arabic.</subfield></datafield><datafield tag="561" ind1=" " ind2=" "><subfield code="a">Ownership (purchase) statement on front flyleaf (p.1) in name of Ḥusayn ibn ʻUmar (Hüseyin bin Ömer), reads "تملكه بالشراء الشرعي السيد حسين ابن السيد عمر ابن السيد الحاج ... ابن السيد الحاج احمد افندى الكاملى غفر الله له ولوالديه ولكل ..." (partially lost) ; pen trial (testing the ink "تجرب قلدم مركب") on front flyleaf (p.1) ; among excerpts on final leaves following close, what appears to be a waqf statement dated 15 Muḥarram 1118 [ca. 29 April 1706] (see p.568) ; numerous marginal and interlinear glosses ; occasional corrections and notabilia (side heads).</subfield></datafield><datafield tag="600" ind1="1" ind2="0"><subfield code="a">Marghīnānī, ʻAlī ibn Abī Bakr,</subfield><subfield code="d">d. 1196 or 7.</subfield><subfield code="t">Hidāyah.</subfield></datafield><datafield tag="600" ind1="1" ind2="0"><subfield code="a">Burhān al-Sharīʻah, Maḥmūd ibn ʻUbayd Allāh,</subfield><subfield code="d">d. 1274 or 5.</subfield><subfield code="t">Wiqāyat al-riwāyah.</subfield></datafield><datafield tag="650" ind1=" " ind2="0"><subfield code="a">Manuscripts, Arabic</subfield><subfield code="z">Michigan</subfield><subfield code="z">Ann Arbor.</subfield></datafield><datafield tag="650" ind1=" " ind2="0"><subfield code="a">Hanafites</subfield><subfield code="v">Early works to 1800.</subfield></datafield><datafield tag="650" ind1=" " ind2="0"><subfield code="a">Islamic law</subfield><subfield code="x">Interpretation and construction</subfield><subfield code="v">Early works to 1800.</subfield></datafield><datafield tag="700" ind1="0" ind2=" "><subfield code="6">880-05</subfield><subfield code="a">Ahmet bin Hızır,</subfield><subfield code="d">fl. 1551,</subfield><subfield code="e">scribe.</subfield></datafield><datafield tag="773" ind1="0" ind2=" "><subfield code="a">Yahuda Collection.</subfield></datafield><datafield tag="880" ind1="0" ind2=" "><subfield code="6">700-05/</subfield><subfield code="a">احمد بن خضر,</subfield><subfield code="e">ناسخ.</subfield></datafield><datafield tag="880" ind1="3" ind2=" "><subfield code="6">246-04/</subfield><subfield code="a">شرح الوقاية</subfield></datafield><datafield tag="880" ind1="1" ind2="0"><subfield code="6">245-03/</subfield><subfield code="a">حل المواضع المغلقة من وقاية الرواية في مسائل الهداية,</subfield><subfield code="f">[958ه، 1551م].</subfield></datafield><datafield tag="880" ind1="1" ind2="0"><subfield code="6">240-02/</subfield><subfield code="a">شرح الوقاية</subfield></datafield><datafield tag="880" ind1="1" ind2=" "><subfield code="6">100-01/</subfield><subfield code="a">محبوبي، عبيد الله بن مسعود.</subfield></datafield><datafield tag="CID" ind1=" " ind2=" "><subfield code="a">006803430</subfield></datafield><datafield tag="DAT" ind1="0" ind2=" "><subfield code="a">20190719102636.0</subfield><subfield code="b">20190719000000.0</subfield></datafield><datafield tag="DAT" ind1="1" ind2=" "><subfield code="a">20190719090653.0</subfield><subfield code="b">2019-07-19T16:11:37Z</subfield></datafield><datafield tag="DAT" ind1="2" ind2=" "><subfield code="a">2015-10-02T18:00:03Z</subfield></datafield><datafield tag="CAT" ind1=" " ind2=" "><subfield code="a">SDR-MIU</subfield><subfield code="d">EX LIBRIS - ALEPH</subfield><subfield code="l">prepare.pl-004-008</subfield></datafield><datafield tag="FMT" ind1=" " ind2=" "><subfield code="a">BK</subfield></datafield><datafield tag="HOL" ind1=" " ind2=" "><subfield code="0">sdr-miu006803430</subfield><subfield code="a">MiU</subfield><subfield code="b">SDR</subfield><subfield code="c">MIU</subfield><subfield code="p">mdp.39015079126515</subfield><subfield code="s">MIU</subfield><subfield code="1">006803430</subfield></datafield><datafield tag="974" ind1=" " ind2=" "><subfield code="b">MIU</subfield><subfield code="c">MIU</subfield><subfield code="d">20190719</subfield><subfield code="s">lit-dlps-dc</subfield><subfield code="u">mdp.39015079126515</subfield><subfield code="y">1551</subfield><subfield code="r">pd</subfield><subfield code="q">bib</subfield><subfield code="t">non-US bib date1 &lt; 1896</subfield></datafield></record></collection>